@misc{website:dnd,
      author = {evanbergeron},
      title = {DND-5e-LaTeX-Template},
      month = {August},
      year = {2016},
      url = {https://github.com/evanbergeron/DND-5e-LaTeX-Template}
}

@misc{website:feuerkorn-deviantart,
      author = "feuerkorn",
      title = "StarWars: Sith vs. Jedi",
      month = "February",
      year = "2008",
      url = "http://feuerkorn.deviantart.com/art/StarWars-Sith-vs-Jedi-78586171"
}

@manual{sw-testdriverules,
	title	  = "Savage World - Test drive rules",
	author  = "Shane Lacy Hensley",
	edition = "Pinnacle Entertainment",
	year	  = "2015",
	note	  = {\url{https://s3-us-west-2.amazonaws.com/peg-freebies/TD06.pdf}},
}

@misc{website:sw-name-generator,
      author = "Dan Swensen",
      title = "StarWars: Random name generator",
      month = "September",
      year = "2010",
      url = "http://www.dimfuture.net/starwars/random/generate.php"
}

@misc{website:rymin07-deviantart,
      author = "rymin07",
      title = "Starwars Redesign Final",
      month = "January",
      year = "2016",
      url = "http://rymin07.deviantart.com/art/Starwars-Redesign-Final-587437314"
}

@misc{website:starwars-unchained,
      author = "SASMIRA",
      title = "Starwars Unchained v1.7a",
      month = "February",
      year = "2015",
      url = "http://savage.torgan.net/episode-i-star-wars-unchained-c-est-parti"
}